@article{krumke1995generalization,
  title={On a generalization of the p-center problem},
  author={Krumke, Sven Oliver},
  journal={Information processing letters},
  volume={56},
  number={2},
  pages={67--71},
  year={1995},
  publisher={Elsevier}
}