@article{jimo2020,
title = {Risk-balanced territory design optimization for a Micro finance institution},
journal = {Journal of Industrial and Management Optimization},
volume = {16},
number = {2},
pages = {741-758},
year = {2020},
author = {Jesús Fabián López Pérez and Tahir Ekin and Jesus A. Jimenez and Francis A. Méndez Mediavilla},
},
@article{eswa2016,
title = {GRASP with path relinking for commercial districting},
journal = {Expert Systems with Applications},
volume = {44},
pages = {102-113},
year = {2016},
issn = {0957-4174},
url = {https://www.sciencedirect.com/science/article/pii/S0957417415006338},
author = {Roger Z. Ríos-Mercado and Hugo Jair Escalante},
},
@article{cor2009,
title = {A reactive GRASP for a commercial territory design problem with multiple balancing requirements},
journal = {Computers \& Operations Research},
volume = {36},
number = {3},
pages = {755-776},
year = {2009},
issn = {0305-0548},
url = {https://www.sciencedirect.com/science/article/pii/S0305054807002249},
author = {Roger Z. Ríos-Mercado and Elena Fernández},
}
@article{ravi_heuristic_1994,
	title = {Heuristic and {Special} {Case} {Algorithms} for {Dispersion} {Problems}},
	volume = {42},
	url = {http://www.jstor.org/stable/171673},
	language = {en},
	number = {2},
	journal = {Operations Research},
	author = {Ravi, S. S. and Rosenkrantz, D. J.},
	year = {1994},
	pages = {299--310},
}